@misc{Nimbus_pro,
    title = {Nimbus Pro shopping site},
    url = {https://shorturl.at/jtuI9},
    year = {2020}
}

@article{EgglestonUnknownTitle2015,
  title         = {DEVELOPMENT OF THE BRICAN TD100 SMALL UAS AND PAYLOAD TRIALS},
  author        = {B. Eggleston and B. McLuckie and W. R. Koski and D. Bird and C. Patterson and D. Bohdanov and H. Liu and T. Mathews and G. Gamage},
  year          = {2015},
  month         = {AUG},
  journal       = {The International Archives of the Photogrammetry, Remote Sensing and Spatial Information Sciences},
  publisher     = {Copernicus GmbH},
  volume        = {XL-1/W4},
  pages         = {143--149},
  doi           = {10.5194/isprsarchives-xl-1-w4-143-2015},
  issn          = {2194-9034},
  url           = {https://dx.doi.org/10.5194/isprsarchives-xl-1-w4-143-2015}
}

@book{1000_questions,
    author = {Keith Williams},
    title = {1000 Questions Answers and Explanations for JAR ATPL (A) \& CPL (A) Principle of Flight},
    publisher = {Himalayan Books},
    year = {2016},
    isbn = {979-8170020942},
    chapter = {06: Climb},
}

@misc{alhajjaji2017design,
      title={Design, Development and Evaluation of a UAV to Study Air Quality in Qatar}, 
      author={Khalid Al-Hajjaji and Mouadh Ezzin and Husain Khamdan and Abdelhakim El Hassani and Nizar Zorba},
      year={2017},
      howpublished= {\url{https://arxiv.org/ftp/arxiv/papers/1709/1709.05628.pdf}},
      eprint={1709.05628},
      archivePrefix={arXiv},
      primaryClass={cs.RO},
      pages = {8},
}

@book{Anderson1,
    author = {John D. Anderson, Jr.,Professor Emeritus },
    title = {Introduction to Flight Seventh Edition},
    publisher = {McGraw-Hill},
    year = {2017},
    isbn = {978-0-07-338024-},
}

@misc{Wingtra,
    title = {Wingtra One technical Specifications},
    url = {https://wingtra.com/wp-content/uploads/Wingtra-Technical-Specifications.pdf},
    urldate = {26 February 2024},
    year = {May 2023},
}

@misc{Albatross,
    title = {Albatross UAV Datasheet},
    url = {https://www.unmannedsystemstechnology.com/wp-content/uploads/2018/11/Albatross-UAV-Datasheet.pdf},
    urldate = {26 February 2024},
}

@misc{Dragonfly,
    title = {Dragonfly Tango Datasheet},
    url = {https://pdf.aeroexpo.online/pdf/draganfly-drones/draganflyer-tango2-technical-specs/175762-19392.html},
    urldate = {26 February 2024}
}

@misc{Nostromo,
    title = {Nostromo Cabure. Specifications},
    url = {https://avia-pro.net/blog/nostromo-cabure-tehnicheskie-harakteristiki-foto},
    urldate = {26 February 2024},
}

@misc{Bluebird,
    title = {Spylite Bluebird Website},
    url = {https://bluebird-uav.com/spylite-uav/},
    urldate = {26 February 2024},
}

@misc{Skylark,
    title = {Skyline Online Datasheet},
    url = {https://elbitsystems.com/product/skylark-i-lex/},
    urldate = {26 February 2024},
}

@misc{Azimut,
    title = {Azimut Datasheet in Aero Expo website},
    url = {https://www.aeroexpo.online/prod/alcoretech/product-181454-18406.html},
    urldate = {26 February 2024},
}

@article{Lipobattery,
    author = {Lauren Nagel},
    title = {A Guide to Lithium Polymer Batteries for Drones},
    year = {2023},
    url = {https://www.tytorobotics.com/blogs/articles/a-guide-to-lithium-polymer-batteries-for-drones},
}

@misc{Batteryref,
    title = {Embeddinator Lipo Battery 12V 2200 Mah},
    url = {https://www.indiamart.com/proddetail/lipo-battery-11-1v-2200-mah-24729783648.html},
}

@book{Raymer2006,
  added-at = {2008-10-29T16:42:04.000+0100},
  address = {Reston, Va.},
  author = {Raymer, Daniel P},
  biburl = {https://www.bibsonomy.org/bibtex/241031ffb635e6eb3193b12fea6e89c34/stephan_dlr},
  edition = {4.ed.},
  interhash = {b945d8c685d016a70c5e1947a351180a},
  intrahash = {41031ffb635e6eb3193b12fea6e89c34},
  isbn = {1563478293},
  keywords = {Design FlugzeugbauAirplanesDesign and constructionAirplanes constructionEntwurfKonstruktion},
  price = {EUR 103.79},
  publisher = {American Institute of Aeronautics and Astronautics},
  series = {AIAA education series},
  timestamp = {2008-10-29T16:42:05.000+0100},
  title = {Aircraft design:  A conceptual approach},
  url = {http://www.loc.gov/catdir/toc/ecip068/2006004706.html},
  year = {2006}
}

@misc{stall1,
  title         = {What is Stall Speed? - aviationfile},
  author        = {M.Durgut},
  year          = {2024},
  note          = {Accessed: 2024-03-06},
  howpublished  = {\url{https://www.aviationfile.com/what-is-stall-speed/}}
}

@misc{stallpic,
author = {Konuk, Ege and Aydoğdu, Hasan and Sarıgül, Fatih and Quran, Moumin and Arslan, Fettullah},
year = {2017},
month = {10},
pages = {},
title = {Aircraft design project designing a competitor fighter aircraft}
}

@article{flap,
    author = {M.durgot},
    title = {Flaps – Definition and Types},
    journal = {Aviationfile},
    url = {https://www.aviationfile.com/definition-and-types-of-flaps/},
    year = {2024},
}

@book{Andersondesign,
    author = {Anderson John D.},
    title = {Aircraft Performance and Design},
    publisher = {Boston: WCB/McGraw-Hill},
    year = {1999}
}

@misc{enginebuy,
    title = {Online Shopping site of AT2317 Long Shaft Outdoor 3D Trainer Glider Motor-KV1400/KV880/KV1250},
    URL = {https://store.tmotor.com/product/at2317-long-shaft-fixed-wing-motor.html},
}